
@book{artinAlgebraicNumbersAlgebraic2005,
  title = {Algebraic {{Numbers}} and {{Algebraic Functions}}},
  author = {Artin, Emil},
  date = {2005},
  isbn = {978-0-8218-4075-7},
}

@book{ducrosBerkovichSpacesApplications2015,
  title = {Berkovich {{Spaces}} and {{Applications}}},
  editor = {Ducros, Antoine and Favre, Charles and Nicaise, Johannes},
  date = {2015},
  volume = {2119},
  doi = {10.1007/978-3-319-11029-5},
  langid = {english},
  series = {Lecture {{Notes}} in {{Mathematics}}}
}

@incollection{temkinIntroductionBerkovichAnalytic2015,
  title = {Introduction to {{Berkovich Analytic Spaces}}},
  booktitle = {Berkovich {{Spaces}} and {{Applications}}},
  author = {Temkin, Michael},
  date = {2015},
  doi = {10.1007/978-3-319-11029-5_1},
}


