
@article{abelruffinicoq,
  title = {Unsolvability of the {{Quintic Formalized}} in {{Dependent Type Theory}}},
  author = {Bernard, Sophie and Cohen, Cyril and Mahboubi, Assia and Strub, Pierre-Yves},
  date = {2021},
}

@inproceedings{buzzard2020perfectoids,
  title = {Formalising Perfectoid Spaces},
  booktitle = {Proceedings of {{CPP}} 2020},
  author = {Buzzard, Kevin and Commelin, Johan and Massot, Patrick},
  date = {2020},
  doi = {10.1145/3372885.3373830},
}

@inproceedings{commelin2021witt,
  title = {Formalizing the Ring of {{Witt}} Vectors},
  booktitle = {Proceedings of {{CPP}} 2021},
  author = {Commelin, Johan and Lewis, Robert Y.},
  date = {2021},
  doi = {10.1145/3437992.3439919},
}

@inproceedings{feitthompsoncoq,
  title = {A {{Machine}}-{{Checked Proof}} of the {{Odd Order Theorem}}},
  booktitle = {Interactive {{Theorem Proving}}},
  author = {Gonthier, Georges and Asperti, Andrea and Avigad, Jeremy and Bertot, Yves and Cohen, Cyril and Garillot, Fran\c{c}ois and Le Roux, St\'ephane and Mahboubi, Assia and O'Connor, Russell and Ould Biha, Sidi and Pasca, Ioana and Rideau, Laurence and Solovyev, Alexey and Tassi, Enrico and Th\'ery, Laurent},
  date = {2013},
  doi = {10.1007/978-3-642-39634-2_14},
  series = {Lecture {{Notes}} in {{Computer Science}}}
}

@inproceedings{lewis2019hensel,
  title = {A Formal Proof of {{Hensel}}'s Lemma over the p-Adic Integers},
  booktitle = {Proceedings of {{CPP}} 2019},
  author = {Lewis, Robert Y.},
  date = {2019},
  doi = {10.1145/3293880.3294089},
}

@inproceedings{vandoornHomotopyTypeTheory2017,
  title = {Homotopy {{Type Theory}} in {{Lean}}},
  booktitle = {Interactive {{Theorem Proving}}},
  author = {family=Doorn, given=Floris, prefix=van, useprefix=true and family=Raumer, given=Jakob, prefix=von, useprefix=true and Buchholtz, Ulrik},
  date = {2017},
  doi = {10.1007/978-3-319-66107-0_30},
  series = {Lecture {{Notes}} in {{Computer Science}}}
}

@article{wiedijkQEDManifestoRevisited,
  title = {The {{QED}} Manifesto Revisited},
  author = {Wiedijk, Freek},
  date = {1994},
  pages = {14},
}

@article{ruiterOstrowski,
  title = {Ostrowski’s Theorem and Completions of Fields},
  author = {family=Ruiter, given=Joshua},
  date = {2019},
}

@inproceedings{fleuriot2000mechanization,
  title={On the mechanization of real analysis in Isabelle/HOL},
  author={Fleuriot, Jacques D},
  booktitle={International Conference on Theorem Proving in Higher Order Logics},
  year={2000},
}

@article{scholze2021liquid,
  title={Liquid tensor experiment},
  author={Scholze, Peter},
  journal={Experimental Mathematics},
  year={2021}
}

@misc{buzzard2021schemes,
  title={Schemes in Lean}, 
  author={Kevin Buzzard and Chris Hughes and Kenny Lau and Amelia Livingston and Ramon Fernández Mir and Scott Morrison},
  year={2021},
  eprint={2101.02602},
  archivePrefix={arXiv},
  primaryClass={math.AG}
}

@article{van_Doorn_2020,
  title={Maintaining a Library of Formal Mathematics},
  author={van Doorn, Floris and Ebner, Gabriel and Lewis, Robert Y.},
  year={2020},
  DOI={10.1007/978-3-030-53518-6_16},
  journal={Intelligent Computer Mathematics},
}

@article{The_mathlib_Community_2020,
  title={The lean mathematical library},
  author={The mathlib Community},
  DOI={10.1145/3372885.3373824},
  journal={Proceedings of {{CPP}} 2020},
  year={2020},
}

@InProceedings{Lean4_2021,
  author="Moura, Leonardo de and Ullrich, Sebastian",
  title="The Lean 4 Theorem Prover and Programming Language",
  booktitle="Automated Deduction -- CADE 28",
  year="2021",
  isbn="978-3-030-79876-5"
}

